<record><leader>00000cas a22000007a 4500</leader><controlfield tag="001">10665059</controlfield><controlfield tag="008">840426c19uu9999mauwn ne      0   a0eng d</controlfield><datafield ind1=" " ind2=" " tag="010"><subfield code="a">sn 84005262 </subfield></datafield><datafield ind1=" " ind2=" " tag="040"><subfield code="a">NSD</subfield><subfield code="b">eng</subfield><subfield code="c">NSD</subfield><subfield code="d">OCLCQ</subfield></datafield><datafield ind1=" " ind2=" " tag="012"><subfield code="m">1</subfield></datafield><datafield ind1="1" ind2=" " tag="022"><subfield code="a">0747-2471</subfield><subfield code="l">0747-2471</subfield><subfield code="2">1</subfield></datafield><datafield ind1=" " ind2=" " tag="032"><subfield code="a">483550</subfield><subfield code="b">USPS</subfield></datafield><datafield ind1=" " ind2=" " tag="037"><subfield code="b">Country Journal, Main St., Huntington, MA 01050</subfield></datafield><datafield ind1=" " ind2=" " tag="042"><subfield code="a">nsdp</subfield></datafield><datafield ind1="0" ind2=" " tag="130"><subfield code="a">Country journal (Huntington, Mass.)</subfield></datafield><datafield ind1=" " ind2="0" tag="222"><subfield code="a">Country journal</subfield><subfield code="b">(Huntington, Mass.)</subfield></datafield><datafield ind1="1" ind2="0" tag="245"><subfield code="a">Country journal.</subfield></datafield><datafield ind1=" " ind2=" " tag="260"><subfield code="a">Huntington, Mass. :</subfield><subfield code="b">Misty Mountain Pub. Co.</subfield></datafield><datafield ind1=" " ind2=" " tag="310"><subfield code="a">Weekly (except Christmas)</subfield></datafield><datafield ind1=" " ind2=" " tag="588"><subfield code="a">Description based on: Vol. 5, no. 48 (Thursday, Apr. 19, 1984).</subfield></datafield><datafield ind1=" " ind2=" " tag="752"><subfield code="a">United States</subfield><subfield code="b">Massachusetts</subfield><subfield code="d">Huntington.</subfield></datafield><datafield ind1=" " ind2=" " tag="936"><subfield code="a">Apr. 19, 1984</subfield></datafield></record>